% !Mode:: "TeX:UTF-8"

@article{Mecikalski2006Forecasting,
	title={Forecasting Convective Initiation by Monitoring the Evolution of Moving Cumulus in Daytime GOES Imagery},
	author={Mecikalski, John R. and Bedka, Kristopher M.},
	journal={Monthly Weather Review},
	volume={134},
	number={1},
	pages={49-78},
	year={2006},
}
@article{覃丹宇2014利用静止气象卫星监测初生对流的研究进展,
	title={利用静止气象卫星监测初生对流的研究进展},
	author={覃丹宇 and 方宗义},
	journal={气象},
	number={1},
	pages={9-19},
	year={2014},
}
@article{张春桂2017基于卫星和雷达资料的对流云团识别跟踪,
	title={基于卫星和雷达资料的对流云团识别跟踪%Identification and Tracking of Convective Cloud Clusters Based on Satellite and Radar Data},
	author={张春桂 and 周乐照 and 林炳青},
	journal={气象科技},
	volume={045},
	number={3},
	pages={485-491},
	year={2017},
}